<?xml version="1.0" encoding="UTF-8"?>
<record xmlns="http://www.loc.gov/MARC21/slim" xmlns:xsi="http://www.w3.org/2001/XMLSchema-instance" xsi:schemaLocation="http://www.loc.gov/MARC21/slim http://www.loc.gov/standards/marcxml/schema/MARC21slim.xsd">
<leader>     cam a2200229 a 4500</leader>
<controlfield tag="001">002849094</controlfield>
<controlfield tag="003">NNU</controlfield>
<controlfield tag="005">19940713181853.0</controlfield>
<controlfield tag="008">870624q19801987ir            000 0cara d</controlfield>
<datafield tag="035" ind1="9" ind2=" ">
<subfield code="a">NYUb10562789</subfield>
</datafield>
<datafield tag="035" ind1=" " ind2=" ">
<subfield code="a">(CStRLIN)NYUG87-B21108</subfield>
</datafield>
<datafield tag="035" ind1=" " ind2=" ">
<subfield code="a">GLIS00562789X</subfield>
</datafield>
<datafield tag="040" ind1=" " ind2=" ">
<subfield code="a">NNU</subfield>
<subfield code="c">NNu</subfield>
</datafield>
<datafield tag="090" ind1=" " ind2=" ">
<subfield code="i">07/09/87 CT</subfield>
</datafield>
<datafield tag="100" ind1="1" ind2=" ">
<subfield code="a">Suwaydī, Muḥammad Amīn,</subfield>
<subfield code="d">d. 1830 or 31.</subfield>
</datafield>
<datafield tag="245" ind1="1" ind2="0">
<subfield code="a">Sabāʼik al-dhahab fī maʻrifat qabāʼil al-ʻArab /</subfield>
<subfield code="c">li-Abī al-Fawz Muḥammad Amīn al-Baghdādī al-shahīr bi-al-Suwaydī.</subfield>
</datafield>
<datafield tag="260" ind1=" " ind2=" ">
<subfield code="a">Qum :</subfield>
<subfield code="b">Raz̤ī,</subfield>
<subfield code="c">[198-]</subfield>
</datafield>
<datafield tag="300" ind1=" " ind2=" ">
<subfield code="a">120 p. ;</subfield>
<subfield code="c">28 cm.</subfield>
</datafield>
<datafield tag="651" ind1=" " ind2="0">
<subfield code="a">Arabian Peninsula</subfield>
<subfield code="v">Genealogy.</subfield>
</datafield>
<datafield tag="700" ind1="1" ind2=" ">
<subfield code="a">Qalqashandī, Aḥmad ibn ʻAlī,</subfield>
<subfield code="d">1355 or 6-1418.</subfield>
<subfield code="t">Nihāyat al-arab fī maʻrifat ansāb al-ʻArab.</subfield>
</datafield>
<datafield tag="OWN" ind1=" " ind2=" ">
<subfield code="a">GENERAL</subfield>
</datafield>
<datafield tag="950" ind1=" " ind2=" ">
<subfield code="l">BMAIN</subfield>
<subfield code="a">CS1129.A2</subfield>
<subfield code="b">S8 1980</subfield>
<subfield code="i">07/09/87 C</subfield>
</datafield>
<datafield tag="955" ind1=" " ind2=" ">
<subfield code="l">BMAIN</subfield>
<subfield code="c">1</subfield>
<subfield code="q">87-B21108-1</subfield>
<subfield code="r">012511567</subfield>
<subfield code="i">07/09/87 C</subfield>
</datafield>
<datafield tag="998" ind1=" " ind2=" ">
<subfield code="a">07/09/87</subfield>
<subfield code="t">b</subfield>
<subfield code="s">9115</subfield>
<subfield code="n">NNU</subfield>
<subfield code="w">NYUG87B21108</subfield>
<subfield code="d">06/24/87</subfield>
<subfield code="b">XXX</subfield>
<subfield code="i">870709</subfield>
<subfield code="l">NYUG</subfield>
</datafield>
<datafield tag="AVA" ind1=" " ind2=" ">
<subfield code="a">NYU50</subfield>
<subfield code="b">BOBST</subfield>
<subfield code="c">Main Collection</subfield>
<subfield code="d">CS1129.A2 S8 1980</subfield>
<subfield code="e">unavailable</subfield>
<subfield code="t">Unavailable</subfield>
<subfield code="f">1</subfield>
<subfield code="g">1</subfield>
<subfield code="h">N</subfield>
<subfield code="i">0</subfield>
<subfield code="j">MAIN</subfield>
<subfield code="k">0</subfield>
</datafield>
</record>
